<?xml version="1.0" encoding="UTF-8"?><collection xmlns="http://www.loc.gov/MARC21/slim"><record><leader>00360nam--2200133-i-4500</leader><controlfield tag="001">000023041</controlfield><controlfield tag="002">20161230</controlfield><controlfield tag="005">20161230201034</controlfield><controlfield tag="008">060222s1000------------r-----000-0-eng-d</controlfield><datafield ind1=" " ind2=" " tag="080"><subfield code="a">621.375.8</subfield></datafield><datafield ind1=" " ind2=" " tag="100"><subfield code="a">Happer, W</subfield></datafield><datafield ind1=" " ind2=" " tag="245"><subfield code="a">Light propagation and light sfits in optical pumping experiments</subfield></datafield><datafield ind1=" " ind2=" " tag="260"><subfield code="a">Oxford, Pergamon Press, 1970./51-103 P.</subfield></datafield><datafield ind1=" " ind2=" " tag="852"><subfield code="a">32434</subfield></datafield></record></collection>